@book{aaboe1984,
  author = {Aaboe, Asger},
  title = {Episódios da história antiga da matemática},
  year = {1984},
  publisher = {Blucher}
}

@book{anglin1995,
  author = {Anglin, William and Lambek, Joachim},
  title = {The heritage of Thales},
  year = {1995},
  publisher = {Springer}
}

@book{babini1974,
  author = {Babini, José},
  title = {Historia de las ideas modernas en matemática},
  year = {1974},
  publisher = {EUDEBA}
}

@book{babor1960,
  author = {Babor, Joseph A. and Ibarz, José},
  title = {Química general moderna},
  year = {1960},
  publisher = {Editorial Labor}
}

@book{bachelard1934,
  author = {Bachelard, Gaston},
  title = {Le nouvel esprit scientifique},
  year = {1934},
  publisher = {Presses Universitaires de France}
}

@book{barbosa1995,
  author = {Barbosa, João L. Marques},
  title = {Geometria hiperbólica},
  year = {1995},
  publisher = {Instituto de Matemática Pura e Aplicada (IMPA)}
}

@book{belna2002,
  author = {Belna, Jean-Pierre},
  title = {Frege et la géométrie projective: La Dissertation inaugurale de 1873},
  year = {2002},
  publisher = {Vrin}
}

@book{beth1955,
  author = {Beth, Evert},
  title = {Les fondements logiques des mathématiques},
  year = {1955},
  publisher = {Presses Universitaires de France}
}

@book{bonola1906,
  author = {Bonola, Roberto},
  title = {Non-Euclidean geometry},
  year = {1906},
  publisher = {Dover Publications}
}

@book{bottazzini2001,
  author = {Bottazzini, Umberto},
  title = {I geometri italiani e il problema dei fondamenti (1889-1899)},
  year = {2001},
  publisher = {Unicopli}
}

@book{brunschvicg1972,
  author = {Brunschvicg, Léon},
  title = {Les étapes de la philosophie mathématique},
  year = {1972},
  publisher = {Presses Universitaires de France}
}

@book{carmo1988,
  author = {Carmo, Manfredo Perdigão do},
  title = {Geometria riemanniana},
  year = {1988},
  publisher = {Instituto de Matemática Pura e Aplicada (IMPA)}
}

@book{chatelet1994,
  author = {Châtelet, François},
  title = {Uma história da razão},
  year = {1994},
  publisher = {UNESP}
}

@book{coolidge1940,
  author = {Coolidge, Julian Lowell},
  title = {A history of geometric methods},
  year = {1940},
  publisher = {Oxford University Press}
}

@article{corry1997a,
  author = {Corry, Leo},
  title = {David Hilbert and the axiomatization of physics (1894-1905)},
  year = {1997},
  journal = {Archive for History of Exact Sciences}
}

@article{corry1997b,
  author = {Corry, Leo},
  title = {The empiricist roots of Hilbert’s axiomatic approach},
  year = {1997},
  journal = {Science in Context}
}

@book{costa1994,
  author = {Costa, Newton Carneiro Affonso da},
  title = {Ensaio sobre os fundamentos da lógica},
  year = {1994},
  publisher = {Hucitec}
}

@book{dedekind1872,
  author = {Dedekind, Richard},
  title = {Continuity and irrational numbers},
  year = {1872},
  publisher = {Open Court Publishing}
}

@incollection{fraenkel1963,
  author = {Fraenkel, Adolf Abraham},
  title = {Filosofia da matemática},
  booktitle = {Heinemann},
  year = {1993},
  pages = {321--344},
  publisher = {Heinemann}
}

@book{gandon2005,
  author = {Gandon, Sébastien},
  title = {Pasch entre Klein et Peano: empirisme et idéalité en géométrie},
  year = {2005},
  publisher = {Vrin}
}

@book{heinemann1993,
  author = {Heinemann, Fritz},
  title = {A filosofia no século XX},
  year = {1993},
  publisher = {Edições 70}
}

@book{kagan1986,
  author = {Kagán, V. F.},
  title = {Lobachevski},
  year = {1986},
  publisher = {Mir Publishers}
}

@article{kleiner1999,
  author = {Kleiner},
  title = {Field theory: From equations to axiomatization (part II)},
  year = {1999},
  journal = {Archive for History of Exact Sciences}
}

@book{klein1890,
  author = {Klein, Felix},
  title = {Zur Nicht-Euklidischen Geometrie},
  year = {1890},
  publisher = {Friedrich Vieweg und Sohn}
}

@book{kneale,
  author = {Kneale, William and Kneale, Martha},
  title = {The Development of Logic},
  year = {1962},
  publisher = {Oxford University Press}
}

@book{kneebone1963,
  author = {Kneebone, G. T.},
  title = {Mathematical logic and the foundations of mathematics},
  year = {1963},
  publisher = {Van Nostrand Reinhold}
}

@book{laercio1988,
  author = {Laércio, Diógenes},
  title = {Vidas e doutrinas dos filósofos ilustres},
  year = {1988},
  publisher = {Edições 70}
}

@book{lanczos1970,
  author = {Lanczos, Cornelius},
  title = {Space through the ages},
  year = {1970},
  publisher = {Academic Press}
}

@book{latour2008,
  author = {Latour, Bruno},
  title = {The shaping of deduction in Greek mathematics: A study of cognitive history},
  year = {2008},
  publisher = {Harvard University Press}
}

@article{minio1984,
  author = {Minio, Roberto},
  title = {{An interview with Michael Atiyah}},
  journal = {The Mathematical Intelligencer},
  volume = {6},
  number = {1},
  year = {1984}
}

@book{moise1963,
  author = {Moise, Edwin},
  title = {Elementary geometry from an advanced standpoint},
  year = {1963},
  publisher = {Addison-Wesley}
}

@book{momigliano1991,
  author = {Momigliano, Arnaldo},
  title = {Os limites da helenização},
  year = {1991},
  publisher = {Edusp}
}

@book{mosterin1984,
  author = {Mosterín, Jesús},
  title = {La filosofía griega pré-aristotélica},
  year = {1984},
  publisher = {Alianza Editorial}
}

@book{otte2006,
  author = {Otte, Michael},
  title = {Proof analysis and continuity},
  year = {2006},
  publisher = {Springer}
}

@book{pasch1924,
  author = {Pasch, Moritz},
  title = {Begriffsbildung und Beweis in der Mathematik},
  year = {1924},
  publisher = {Springer}
}

@article{poincare1999,
  author = {Poincaré, Henri},
  title = {Foundations of geometry, by David Hilbert. Resenha},
  year = {1999},
  note = {[1903-1904]},
  journal = {Bulletin des sciences mathématiques}
}

@book{risi2016,
  author = {Risi, Vincenzo De},
  title = {The development of Euclidean axiomatics},
  year = {2016},
  publisher = {Springer}
}

@book{russell1945,
  author = {Russell, Bertrand},
  title = {A history of western philosophy},
  year = {1945},
  publisher = {George Allen \& Unwin}
}

@book{yaglom,
author = {I.M. Yaglom},
title={Felix Klein and Sophus Lie},year={1990},publisher={Birkh\"auser}}

@article{scanlan1988,
  author = {Scanlan, Michael},
  title = {Beltrami’s model and the independence of the parallel postulate},
  year = {1988},
  journal = {Historia Mathematica}
}

@book{smogorzhevski1976,
  author = {Smogorzhevski, A. S.},
  title = {Lobachevskian geometry},
  year = {1976},
  publisher = {Mir Publishers}
}

@book{sommerville1958,
  author = {Sommerville, D. M. Y.},
  title = {The elements of non-euclidean geometry},
  year = {1958},
  publisher = {Dover Publications}
}

@book{struik1987,
  author = {Struik, Dirk J.},
  title = {A concise history of mathematics},
  year = {1987},
  publisher = {Dover Publications}
}

@book{vernant1984,
  author = {Vernant, Jean-Pierre},
  title = {As origens do pensamento grego},
  year = {1984},
  publisher = {Difel}
}

@book{weyl1944,
  author = {Weyl, Hermann},
  title = {David Hilbert and his mathematical work},
  year = {1944},
  publisher = {Duke University Press}
}

@book{winter1989,
  author = {Winter, Heinrich Winand},
  title = {Entdeckendes Lernen im Mathematikunterricht},
  year = {1989},
  publisher = {Aulis Verlag}
}
