



@book{landau2015,
    author = {Landau, H. G. and Landau, H. J.},
    title = {Prime numbers and the {Riemann} hypothesis},
    publisher = {Cambridge University Press},
    year = {2015},
    address = {Cambridge}
}



@book{aigner1998,
    author = {Aigner, M. and Ziegler, G. M.},
    title = {Proofs from the book},
    publisher = {Springer},
    year = {1998},
    address = {Berlin}
}



@article{das2019,
    author = {Das, Soham and Halder, Kishaloy and Pratihar, Sanjoy and Bhowmick, Partha},
    title = {Properties of {Farey} Sequence and their Applications to Digital Image Processing},
    journal = {Computer Science \& Engineering},
    year = {2019},
    institution = {Institute of Engineering \& Management, Kolkata}
}

@book{graham1994,
    author = {Graham, Ronald L. and Knuth, Donald E. and Patashnik, Oren},
    title = {Concrete Mathematics},
    edition = {2},
    publisher = {Addison-Wesley Publishing Company},
    year = {1994},
    address = {Reading, Massachusetts}
}

@book{ashfaque2020,
    author = {Ashfaque, Johar},
    title = {Farey Sequences},
    year = {2020}
}

@book{guthery2010,
    author = {Guthery, Scott B.},
    title = {A Motif of Mathematics},
    publisher = {unknown},
    year = {2010}
}

@article{saha2019,
    author = {Saha, Ripan},
    title = {On Some Special Property of The {Farey} Sequence},
    journal = {Mathematical Journal of Interdisciplinary Sciences},
    volume = {7},
    number = {2},
    pages = {121--123},
    year = {2019},
    month = {March},
    publisher = {Chitkara}
}

@book{martinez2020,
    author = {Martinez, Fabio E. Brochero and Moreira, Carlos Gustavo T. de A. and Saldanha, Nicolau C. and Tengan, Eduardo},
    title = {Teoria dos N\'umeros: um passeio com primos e outros n\'umeros familiares pelo mundo inteiro},
    year = {2020}
}

@misc{zukin2016,
    author = {Zukin, Dylan},
    title = {The {Farey} Sequence and Its Niche(s)},
    year = {2016},
    month = {May},
    day = {12}
}

@misc{hatcher2020,
    author = {Hatcher, A.},
    title = {Topology of numbers},
    year = {2020},
    note = {Chapter 1},
    howpublished = {\url{http://www.math.cornell.ed/hatcher}}
}

@book{hardy1979,
    author = {Hardy, G. H. and Wright, E. M.},
    title = {An Introduction to the Theory of Numbers},
    publisher = {The Clarendon Press, Oxford University Press},
    address = {New York},
    edition = {5},
    year = {1979}
}

@book{burton1980,
    author = {Burton, D. M.},
    title = {Elementary Number Theory},
    publisher = {Allyn and Bacon, Inc.},
    year = {1980},
    pages = {150}
}

@book{niven1960,
    author = {Niven, Ivan and Zuckerman, Herbert S.},
    title = {An introduction to the Theory of Numbers},
    publisher = {John Wiley Sons, Inc},
    address = {New York},
    year = {1960}
}

@book{muniz2020,
    author = {Muniz Neto, Antonio Caminha},
    title = {T\'opicos de Matem\'atica Elementar: Teoria dos N\'umeros},
    volume = {5},
    series = {Cole\c{c}\~ao do Professor de Matem\'atica},
    publisher = {SBM},
    year = {2020}
}

@misc{aops2024,
    title = {Art of Problem Solving Community},
    howpublished = {\url{https://artofproblemsolving.com/community}},
    note = {Accessed: 2024},
    year = {2024}
}
