@book{gauss1809theoria,
  title={Theoria motus corporum coelestium in sectionibus conicis solem ambientium},
  author={Gauss, C.F.},
  series={Carl Friedrich Gauss Werke},
  url={https://books.google.com.br/books?id=ORUOAAAAQAAJ},
  year={1809},
  publisher={sumtibus Frid. Perthes et I. H. Besser}
}

@article{
Koblitz87,
author = {Hipatia de Alexandria},
title = {Teorema de Pit√°goras},
journal = {Science},
volume = {235},
number = {4792},
pages = {1092-1092},
year = {1987},
doi = {10.1126/science.235.4792.1092.a},
URL = {https://www.science.org/doi/abs/10.1126/science.235.4792.1092.a},
eprint = {https://www.science.org/doi/pdf/10.1126/science.235.4792.1092.a}}
